<?xml version="1.0" encoding="UTF-8"?>
<record xmlns="http://www.loc.gov/MARC21/slim" xmlns:xsi="http://www.w3.org/2001/XMLSchema-instance" xsi:schemaLocation="http://www.loc.gov/MARC21/slim http://www.loc.gov/standards/marcxml/schema/MARC21slim.xsd">
<leader>00000cam a22        4500</leader>
<controlfield tag="001">001680852</controlfield>
<controlfield tag="003">NNU</controlfield>
<controlfield tag="005">20141107173919.0</controlfield>
<controlfield tag="008">010710s1967    iq            000 0 ara d</controlfield>
<datafield tag="010" ind1=" " ind2=" ">
<subfield code="a">   71244530</subfield>
</datafield>
<datafield tag="035" ind1=" " ind2=" ">
<subfield code="a">(OCoLC)122764505</subfield>
</datafield>
<datafield tag="040" ind1=" " ind2=" ">
<subfield code="a">EQO</subfield>
<subfield code="b">eng</subfield>
<subfield code="c">EQO</subfield>
<subfield code="d">OSU</subfield>
<subfield code="d">NNU</subfield>
</datafield>
<datafield tag="050" ind1="0" ind2="0">
<subfield code="a">PJ7808.M3</subfield>
<subfield code="b">T338 1968</subfield>
</datafield>
<datafield tag="100" ind1="1" ind2=" ">
<subfield code="6">880-01</subfield>
<subfield code="a">Samāwī, Aḥmad al-Shaykh ʻAbd al-Ḥamīd.</subfield>
</datafield>
<datafield tag="245" ind1="1" ind2="0">
<subfield code="6">880-02</subfield>
<subfield code="a">Maʻa Īliyā Abī Māḍī fī Ṭalāsimih :</subfield>
<subfield code="b">wa-huwa sharḥ li-manẓūmat ʻAbd al-Ḥamīd al-Samāwī allatī radd bihā ʻalá ṭalāsim Īliyā Abū Māḍī /</subfield>
<subfield code="c">Aḥmad al-Shaykh ʻAbd al-Ḥamīd al-Samāwī.</subfield>
</datafield>
<datafield tag="260" ind1=" " ind2=" ">
<subfield code="6">880-03</subfield>
<subfield code="a">Najaf :</subfield>
<subfield code="b">Maṭbaʻat al-Nuʻmān,</subfield>
<subfield code="c">1967.</subfield>
</datafield>
<datafield tag="300" ind1=" " ind2=" ">
<subfield code="a">243 p. ;</subfield>
<subfield code="c">25 cm.</subfield>
</datafield>
<datafield tag="500" ind1=" " ind2=" ">
<subfield code="a">ʻAbd al-Ḥamīd Samāwī's verse parody of Īliyā Abū Māḍīs̀ poem al-Ṭalāsim, with a comm. by Aḥmad Samāwī.</subfield>
</datafield>
<datafield tag="600" ind1="1" ind2="0">
<subfield code="6">880-04</subfield>
<subfield code="a">Abū Māḍī, Īliyā,</subfield>
<subfield code="d">1889-1957.</subfield>
<subfield code="t">Ṭalāsim.</subfield>
</datafield>
<datafield tag="600" ind1="1" ind2="0">
<subfield code="6">880-05</subfield>
<subfield code="a">Samāwī, ʻAbd al-Ḥamīd.</subfield>
<subfield code="t">Fawqa athbāj al-ṭabīʻah.</subfield>
</datafield>
<datafield tag="700" ind1="1" ind2="2">
<subfield code="6">880-06</subfield>
<subfield code="a">Samāwī, ʻAbd al-Ḥamīd.</subfield>
<subfield code="t">Fawqa athbāj al-ṭabīʻah.</subfield>
</datafield>
<datafield tag="880" ind1="1" ind2=" ">
<subfield code="6">100-01/</subfield>
<subfield code="a">سماوي، أحمد الشيخ عبد الحميد.</subfield>
</datafield>
<datafield tag="880" ind1="1" ind2="0">
<subfield code="6">245-02/</subfield>
<subfield code="a">مع إيليا أبي ماضي في طلاسمه :</subfield>
<subfield code="b">وهو شرح لمنظومة عبد الحميد السماوي التي رد بها على طلاسم إيليا أبو ماضي /</subfield>
<subfield code="c">أحمد الشيخ عبد الحميد السماوي.</subfield>
</datafield>
<datafield tag="880" ind1=" " ind2=" ">
<subfield code="6">260-03/</subfield>
<subfield code="a">نجف :</subfield>
<subfield code="b">مطبعة النعمان،</subfield>
<subfield code="c">١٩٦٧.</subfield>
</datafield>
<datafield tag="880" ind1="1" ind2="4">
<subfield code="6">600-04/</subfield>
<subfield code="a">أبو ماضي، إيليا.</subfield>
<subfield code="t">طلاسم.</subfield>
</datafield>
<datafield tag="880" ind1="1" ind2="4">
<subfield code="6">600-05/</subfield>
<subfield code="a">سماوي، عبد الحميد.</subfield>
<subfield code="t">فوق أثباج الطبيعة.</subfield>
</datafield>
<datafield tag="880" ind1="1" ind2="2">
<subfield code="6">700-06/</subfield>
<subfield code="a">سماوي، عبد الحميد.</subfield>
<subfield code="t">فوق أثباج الطبيعة.</subfield>
</datafield>
<datafield tag="OWN" ind1=" " ind2=" ">
<subfield code="a">GENERAL</subfield>
</datafield>
<datafield tag="AVA" ind1=" " ind2=" ">
<subfield code="a">NYU50</subfield>
<subfield code="b">BOBST</subfield>
<subfield code="c">Main Collection</subfield>
<subfield code="d">PJ7808.M3 T338 1968</subfield>
<subfield code="e">unavailable</subfield>
<subfield code="t">Unavailable</subfield>
<subfield code="f">1</subfield>
<subfield code="g">1</subfield>
<subfield code="h">N</subfield>
<subfield code="i">1</subfield>
<subfield code="j">MAIN</subfield>
<subfield code="k">0</subfield>
</datafield>
</record>
